@article{alfiyatin2017modeling,
  title={Modeling house price prediction using regression analysis and particle swarm optimization},
  author={Alfiyatin, Adyan Nur and Febrita, Ruth Ema and Taufiq, Hilman and Mahmudy, Wayan Firdaus},
  journal={International Journal of Advanced Computer Science and Applications},
  volume={8},
  year={2017}
}

@article{dubovcanin2019business,
  title={Business Analytics Project in Machine Learning},
  author={DUBO{\v{C}}ANIN, NEBOJ{\v{S}}A and B{\"U}HLMANN, JAN ERIC and OFFERINGA, PAULINE},
  year={2019}
}

@article{gao2019location,
  title={Location-centered house price prediction: a multi-task learning approach},
  author={Gao, Guangliang and Bao, Zhifeng and Cao, Jie and Qin, A Kai and Sellis, Timos and Wu, Zhiang and others},
  journal={arXiv preprint arXiv:1901.01774},
  year={2019}
}

@article{bin2004prediction,
  title={A prediction comparison of housing sales prices by parametric versus semi-parametric regressions},
  author={Bin, Okmyung},
  journal={Journal of Housing Economics},
  volume={13},
  number={1},
  pages={68--84},
  year={2004},
  publisher={Elsevier}
}

@inproceedings{lu2017hybrid,
  title={A hybrid regression technique for house prices prediction},
  author={Lu, Sifei and Li, Zengxiang and Qin, Zheng and Yang, Xulei and Goh, Rick Siow Mong},
  booktitle={2017 IEEE International Conference on Industrial Engineering and Engineering Management (IEEM)},
  pages={319--323},
  year={2017},
  organization={IEEE}
}